%% LaTeX2e file `bibliography.bib'
%% generated by the `filecontents' environment
%% from source `result' on 2022/11/28.
%%

  @article{Brown2011,
    title       = {Medication adherence: WHO cares?},
    author      = {Brown, A.D.D.I.N.E.N.R.E.F.L.I.S.T. and T., M. and Bussell, J.K.},
    number      = {4},
    volume      = {86},
    year        = {2011},
    pages       = {304--314},
    journal     = {Mayo Clinical Proceedings}
}


@article{Jungst2019,
    title       = {Medication adherence among patients with chronic diseases: A survey-based study in pharmacies},
    author      = {Jungst, C. and Graber, S. and Simons, S. and Wedemeyer, H. and Lammert, F.},
    number      = {7},
    volume      = {112},
    year        = {2019},
    pages       = {505--512},
    journal     = {QJM: An International Journal of Medicine}
}


@article{Kini2018,
    title       = {Interventions to improve medication adherence: A review},
    author      = {Kini, V. and Ho, P.M.},
    number      = {23},
    volume      = {320},
    year        = {2018},
    pages       = {2461--2473},
    journal     = {The Journal of the American Medical Association}
}


@article{Hartman2021,
    title       = {Medication adherence in older people with rheumatoid arthritis is lower according to electronic monitoring than according to pill count},
    author      = {Hartman, L. and Cutolo, M. and Bos, R. and Opris-Belinski, D. and Kok, M.R. and Griep-Wentink, H. and Klaasen, R. and Allaart, C.F. and Bruyn, G.A.W. and Raterman, H.G. and Voshaar, M.J.H. and Gomes, N. and Pinto, R.M.A. and Klausch, L.T. and Lems, W.F. and Boers, M.},
    year        = {2021},
    journal     = {Rheumatology}
}

